@conference{lee_genetic_2012,
title = {Gene expression variation in the response of human monocyte-derived dendritic cells to {LPS} and influenza d{NS1} stimulation.},
booktitle = {Proceedings of the American Society of Human Genetics Annual Meeting},
address = {San Francisco, California},
author = {Mark Lee* and \textbf{Chun Ye*} and A.-Chloe Villani and Weibo Li and Selina Imboywa and Portia Chipendo and Michelle Lee and Philip De Jager and Chirstophe Benoist and Aviv Regev and Nir Hacohen},
month = Nov # { 6--10},
year = {2012}
},

@conference{kirby_combination_2012,
	title = {Combination of modern and traditional techniques identify MCKD1 causal frameshift variants within the MUC1 VNTR.},
    booktitle = {Poster Proceedings of the 61th Annual Meeting of The American Society of Human Genetics},
	author = {Andrew Kirby and Andy Gnirke and David Jaffe and V Baresova and Nathalie Pochet and B Blumenstiel and Chun Ye and D Aird and C Stevens and Jim Robinson and M Calibi and Irit Gat-Viks and E. Kelliher and R. Daza and M. DeFelice and H. Hulkova and J. Sovova and C. Antignac and Mitch Guttman and Rob Handsaker and Kisten Lindblad-Toh and Stacey Gabriel and P. S. Hart and Aviv Regev and Chad Nusbaum and S. Kmoch and A. Bleyer and Eric Lander and Mark Daly},
    address = {San Francisco, California},
	month = Nov #{ 06--10},
	year = {2012}
},

@conference{sul_effectively_2012,
	title = {Effectively identifying and characterizing eQTLs from multiple tissues using a meta-analytic approach.},
    booktitle = {Poster Proceedings of the 61th Annual Meeting of The American Society of Human Genetics},
	author = {Jae Hoon Sul and Buhm Han and Chun Ye and Ted Choi and Eleazar Eskin},
    address = {San Francisco, California},
	month = Nov #{ 06--10},
	year = {2012}
},

@conference{lee_genetical_2011,
	title = {A genetical genomics approach to understanding the regulatory mechanisms of host-pathogen interactions in humans.},
    booktitle = {Poster Proceedings of the 60th Annual Meeting of The American Society of Human Genetics},
	author = {Mark N. Lee and Chun Ye and Alexandria-Chloe Villani and Phil De Jager and Aviv Regev and Nir Hacohen},
    address = {Montreal, Canada},
	month = Oct #{ 11--15},
	year = {2011}
},

@conference{ye_empirical_2011,
title = {An {E}mpirical {B}ayes based method to identify cis-e{QTLs} across multiple related conditions.},
booktitle = {Proceedings of the American Society of Human Genetics Annual Meeting},
address = {Montreal, Canada},
author = {\textbf{Chun Ye} and Buhm Han and Ted Choi and Aviv Regev and Eleazar Eskin},
month = Oct # { 11--15},
year = {2011}
},

@conference{furlotte_mixed_2011,
title = {Mixed Model Coexpression ({MMC}): calculating gene coexpression while accounting for expression heterogeneity.},
booktitle = {Proceedings of the 19th Annual International Conference on Intelligent Systems for Molecular Biology},
address = {Vienna, Austria},
author = {Nicholas Furlotte and Hyun Min Kang and \textbf{Chun Ye} and Eleazar Eskin},
month = Jul # { 17--19},
year = {2011}
},


@conference{han_leveraging_2009,
	title = {Leveraging joint test status distribution for an optimal significance testing},
	booktitle = {Proceedings of the {NIPS} 2009 Workshop on Machine Learning in Computational Biology},
    address = {Whistler, Canada},
	author = {Buhm Han and \textbf{Chun Ye} and Ted Choi and Eleazar Eskin},
	month = Dec # { 11--12},
	year = {2009}
},

@conference{ye_optimal_2009,
	title = {Optimally Discoverying cis eQTLs Across Multiple Tissues},
    booktitle = {Poster Proceedings of the 59th Annual Meeting of The American Society of Human Genetics},
	author = {Chun Ye and Buhm Han and Ted Choi and Eleazar Eskin},
    address = {Honolulu, Hawaii},
	month = Oct #{ 20--24},
	year = {2009}
},

@conference{furlotte_small_2009,
	title = {Small-Module-Targeting (SMT) Coexpression: Priotizing Gene and Module Specific Coexpressions by Accounting for Expression Heterogeneity},
    booktitle = {Poster Proceedings of the 13th Annual International Conference on Research in Computational Molecular Biology (RECOMB)},
	author = {Nick Furlotte and Hyun Min Kang and Chun Ye and Eleazar Eskin},
    address = {Tuscon, Arizona},
	month = May #{ 18--21},
	year = {2009}
},


@conference{kang_accurate_2008,
	title = {Accurate discovery of expression quantitative trait loci under confounding from spurious and genuine regulatory hotspots},
    booktitle = {Poster Proceedings of the 58th Annual Meeting of The American Society of Human Genetics},
	author = {Hyun Min Kang and Chun Ye and Eleazar Eskin},
    address = {Philadelphia, Pennsylvania},
	month = Nov #{ 11--15},
	year = {2008}
},

@conference{kang_detectingpresence_2008,
	title = {Detecting the presence and absence of causal relationships between expression of yeast genes with very few samples},
	booktitle = {Proceedings of the 13th Annual International Conference on Research in Computational Molecular Biology},
    address = {Tuscon, Arizona},
	author = {Eun Yong Kang and Hyun Min Kang and \textbf{Chun Ye} and Ilya Shpitser and Eleazar Eskin},
	month = May # { 18--21},
	year = {2009}
},

@conference{kang_detectingpresence_2008-1,
	title = {Detecting the presence and absence of causal relationships between expression of yeast genes with very few samples},
	booktitle = {Proceedings of the {NIPS} 2008 Workshop on Machine Learning in Computational Biology},
    address = {Whistler, Canada},
	author = {Eun Yong Kang and Hyun Min Kang and \textbf{Chun Ye} and Ilya Shpitser and Eleazar Eskin},
	month = Dec # { 11--12},
	year = {2008}
},

@conference{ye_high-density_2006,
	title = {{High-density} {QTL} mapping to identify phenotypes and loci influencing gene expression patterns in entire biochemical pathways},
	booktitle = {Proceedings of the {RECOMB} Satellite Conference on Systems Biology and Computational Proteomics},
	author = {\textbf{Chun Ye} and Matthew A. Zapala and Hyun Min Kang and Jennifer Wessel and Eleazar Eskin and Nicholas Schork},
    address = {San Diego, California},
	month = Nov # { 30--} # Dec # { 1},
	year = {2007}
},

@conference{ye_discovering_2007-2,
	title = {Discovering tightly regulated and differentially expressed gene sets in whole genome expression data},
	booktitle = {Proceedings of the 5th European Conference on Computational Biology {(ECCB-2006)}},
	author = {\textbf{Chun Ye} and Eleazar Eskin},
    address = {Eilat, Israel},
    month = Jan # { 21--24},
	year = {2007}
}