@unpublished{Villani:2014,
author = {Alexandria-Chloe Villani* and \textbf{Chun Ye*} and Raktima Raychowdhury and Weibo Li and Aviv Regev and Nir Hacohen},
title = {{Integrative genomic and transcriptomic analysis of 775 human cancer cell lines reveal novel immune drivers and regulatory programs}},
journal = {},
year = {2014},
month = {},
volume={},
note = {\textbf{(In Preparation)}}
}

@unpublished{Ye:2014,
author = {\textbf{Chun Ye} and Ting Feng and Ho-keun Kwon and Towfique Raj and Michael Wilson and Kristin McCabe and Michelle H. Lee and Irene Wood and Philip L. De Jager and Aviv Regev and Christophe O. Benoist},
title = {{Genetic analysis of the transcriptional response of primary human T cells identifies a common genetic variant associated with the transactivation of IL2RA by YY1}},
journal = {},
year = {2014},
month = {},
volume={},
note = {\textbf{(In Preparation)}}
}

@Comment @unpublished{YeZaitlen:2014,
@Comment author = {\textbf{Chun Ye} and Aviv Regev and Noah Zaitlen},
@Comment title = {{Cross condition heritability analysis reveals divergent genetic architectures of gene expression}},
@Comment journal = {},
@Comment year = {2014},
@Comment month = {},
@Comment volume={},
@Comment note = {\textbf{(In Preparation)}}
@Comment }

@Comment @unpublished{YeZaitlen:2014,
@Comment author = {\textbf{Chun Ye} and Tushar Bhangale and Alexandria-Chloe Villani and Mark Lee and Timothy Behrens and Aviv Regev and Nir Hacohen},
@Comment title = {{Widespread an}},
@Comment journal = {},
@Comment year = {2014},
@Comment month = {},
@Comment volume={},
@Comment note = {\textbf{(In Preparation)}}
@Comment }

