@conference{Ye_CEGS_2013,
	title = {Genome-wide association of expression response of primary immune cells identifies novel cis and trans loci specific to distinct pathogen responses.},
    booktitle = {Center of Excellence in Genomic Science Grantee Meeting},
	author = {Mark N. Lee* and \textbf{Chun Ye*} and Alexandria-Chloe Villani and Towfique Raj and Weibo Li and Thomas M. Eisenhaure and Selina H. Imboywa and Portia I. Chipendo and Khadir Raddassi and Michelle H. Lee and Irene Wood and Cristin McCabe and Barbara E. Stranger and Christophe O. Benoist and Philip De Jager and Aviv Regev and Nir Hacohen},
    address = {},
	month = Oct #{ 14},
	year = {2013},
    note = {}
},
