@article{ye_using_2009,
	title = {Using Network Component Analysis to Dissect Regulatory Networks Mediated by Transcription Factors in Yeast},
	journal = {PLoS Computational Biology},
	author = {Chun Ye and Eleazar Eskin},
	year = {2009},
    note = {Submitted November 27th, 2008}
}